
@article{Bronzini01,
  author  = {Bronzini, Raffaello, and Eleonora Iachini},
  journal = { American Economic Journal},
  month   = Nov,
  number  = {4},
  pages   = {100-134},
  title   = {Are incentives for R&D effective? Evidence from a regression discontinuity approach},
  volume  = {6},
  year    = {2014}
}



@book{Wooldridge02,
  address   = {Southwestern College Publishing, Nashville},
  author    = {Wooldridge, Jeffrey M},
  publisher = {Nelson Education},
  title     = {Introductory econometrics: A modern approach},
  year      = {2016}
}

@templates{Wooldridge02,
  address   = {https://econ-project-templates.readthedocs.io/en/stable/},
  author    = {Hans-Martin von Gaudecker},
  title     = {Templates for Reproducible Research Projects in Economics},
  year      = {2013}
}

